<?xml version="1.0" encoding="UTF-8"?><collection xmlns="http://www.loc.gov/MARC21/slim"><record><leader>00472nam--2200181-i-4500</leader><controlfield tag="001">000010238</controlfield><controlfield tag="002">20161230</controlfield><controlfield tag="005">20161230201028</controlfield><controlfield tag="008">060222s1000------------r-----000-0-eng-d</controlfield><datafield ind1=" " ind2=" " tag="040"><subfield code="a">IFIN-HH</subfield></datafield><datafield ind1=" " ind2=" " tag="080"><subfield code="a">53</subfield></datafield><datafield ind1="1" ind2=" " tag="100"><subfield code="a">Croft, W.F</subfield></datafield><datafield ind1="1" ind2="0" tag="245"><subfield code="a">Relationships in physical science</subfield><subfield code="c">W.f. croft, o.l. wilson, g.a. page</subfield></datafield><datafield ind1=" " ind2=" " tag="260"><subfield code="a">New York</subfield><subfield code="b">Mcgraw-hill Book Co</subfield><subfield code="c">1972</subfield></datafield><datafield ind1=" " ind2=" " tag="300"><subfield code="a">VII+146P</subfield></datafield><datafield ind1="1" ind2=" " tag="700"><subfield code="a">Page, G.A</subfield></datafield><datafield ind1=" " ind2=" " tag="852"><subfield code="a">37219</subfield><subfield code="c">53</subfield></datafield><datafield ind1=" " ind2=" " tag="CAT"><subfield code="a">Sys</subfield><subfield code="c">20150316</subfield><subfield code="h">093756</subfield></datafield></record></collection>